% List your bibtex entries in this file
% Use bibtex formats exactly as listed in references_template.bib
