@article{Zolotarov2022,
    author = {Grygoriy Zolotarov and Bastian Fromm and Ivano Legnini1 and Salah Ayoub1 and Gianluca Polese and Valeria Maselli and Peter J. Chabot and Jakob Vinther and Ruth Styfhals and Eve Seuntjens and Anna Di Cosmo and Kevin J. Peterson and Nikolaus Rajewsky},
    title = {MicroRNAs are deeply linked to the emergence of the complex octopus brain},
    year = {2022}, 
    journal = {Science advances},
    pages = {1-12},
    volume = {8},
    number = {46},
    doi = {10.1126/sciadv.add9938}
}

